@inproceedings{anno4j1,
  author    = {Emanuel Barndl and
               Kai Schlegel and
               Andreas Eisenkolb and
               Thomas Wei{\ss}gerber and
               Harald Kosch},
  title     = {Anno4j - Idiomatic Access to the {W3C} Web Annotation Data Model},
  booktitle = {The Semantic Web - {ESWC} 2016 Satellite Events, Heraklion, Crete,
               Greece, May 29 - June 2, 2016, Revised Selected Papers},
  pages     = {257--270},
  year      = {2016},
  crossref  = {DBLP:conf/esws/2016s},
  url       = {https://doi.org/10.1007/978-3-319-47602-5\_43},
  doi       = {10.1007/978-3-319-47602-5\_43},
  timestamp = {Wed, 14 Nov 2018 10:58:54 +0100},
  biburl    = {https://dblp.org/rec/bib/conf/esws/BerndlSEWK16},
  bibsource = {dblp computer science bibliography, https://dblp.org}
}