@book{Hitzler-SemanticWeb-2007,
  title={Semantic Web: Grundlagen},
  author={Hitzler, Pascal and Kr{\"o}tzsch, Markus and Rudolph, Sebastian and Sure, York},
  year={2007},
  publisher={Springer-Verlag}
}

@TechReport{Manola-RDFPrimer1.0-2004,
  author      = "Frank Manola and Eric Miller",
  title       = "{RDF} Primer",
  month       = feb,
  url        = "http://www.w3.org/TR/2004/REC-rdf-primer-20040210/",
  year        = "2004",
  bibsource   = "http://w2.syronex.com/jmr/w3c-biblio",
  type        = "{W3C} Recommendation",
  institution = "W3C",
}