@book{botsch2010,
  title={Polygon mesh processing},
  author={Botsch, Mario and Kobbelt, Leif and Pauly, Mark and Alliez, Pierre and L{\'e}vy, Bruno},
  year={2010},
  publisher={AK Peters/CRC Press}
}

@inproceedings{garland1997,
  title={Surface simplification using quadric error metrics},
  author={Garland, Michael and Heckbert, Paul S},
  booktitle={Proceedings of the 24th annual conference on Computer graphics and interactive techniques},
  pages={209--216},
  year={1997},
  organization={ACM Press/Addison-Wesley Publishing Co.}
}

@inproceedings{garland1998,
  title={Simplifying surfaces with color and texture using quadric error metrics},
  author={Garland, Michael and Heckbert, Paul S},
  booktitle={Proceedings Visualization'98 (Cat. No. 98CB36276)},
  pages={263--269},
  year={1998},
  organization={IEEE}
}